@misc{AndroidDOc,
  key = {AndroidDOc},
  title = {Android Developers},
  note = {\url{https://developer.android.com/docs}}
}

@misc{AndroidGoogleMap,
  key = {AndroidGoogleMap},
  title = {Overview | Maps SDK for Android | Google Developers},
  note = {\url{https://developers.google.com/maps/documentation/android-sdk/intro}}
}

@misc{WindowInfo,
  key = {WindowInfo},
  title = {Info Windows | Maps SDK for Android | Google Developers},
  note = \{url{\https://developers.google.com/maps/documentation/android-sdk/infowindows}}
}
@misc{infoWindow2,
  key = {infoWindow2},
  title = {Google Maps Android Custom Info Window Example - Zoftino},
  note = {\url{https://www.zoftino.com/google-maps-android-custom-info-window-example}}
}\\
@misc{intentObject,
  key = {intentObject},
  title = {How to pass an object from one activity to another on Android},
  note = {\url{https://stackoverflow.com/questions/2736389/how-to-pass-an-object-from-one-activity-to-another-on-android}}
}
@misc{bitMap,
  key = {bitMap},
  title = {Android: Saving Bitmap as Serializable Object },
  note = {\url{http://xperience57.blogspot.com/2015/09/android-saving-bitmap-as-serializable.html}}
}
@misc{bundleProb,
  key = {bundleProb},
  title = {Is there some limits in android' bundle?},
  note = {\url{https://stackoverflow.com/questions/8552514/is-there-some-limits-in-android-bundle}}
}
@misc{galery,
  key = {galery},
  title = {[Android Example] Pick Image from Gallery or Camera},
  note = {\url{https://androidclarified.com/pick-image-gallery-camera-android/}}
}
@misc{proxi,
  key = {proxi},
  title = {How to detect shake event with android?},
  note = {\url{https://stackoverflow.com/questions/5271448/how-to-detect-shake-event-with-android}}
}